<record><leader>00000cas a22000007a 4500</leader><controlfield tag="001">9567730</controlfield><controlfield tag="008">830602u1899190unyuwr ne      0    0eng d</controlfield><controlfield tag="009">3781</controlfield><datafield ind1=" " ind2=" " tag="010"><subfield code="a">sn 83030496 </subfield></datafield><datafield ind1=" " ind2=" " tag="040"><subfield code="a">NPU</subfield><subfield code="b">eng</subfield><subfield code="c">NPU</subfield></datafield><datafield ind1="1" ind2=" " tag="029"><subfield code="a">AU@</subfield><subfield code="b">000025825128</subfield></datafield><datafield ind1=" " ind2=" " tag="042"><subfield code="a">msc</subfield></datafield><datafield ind1="0" ind2="0" tag="245"><subfield code="a">New-York advance and Bronx borough record and Dicksons' uptown weekly.</subfield></datafield><datafield ind1=" " ind2=" " tag="260"><subfield code="a">New York :</subfield><subfield code="b">Bedell Brothers,</subfield><subfield code="c">1899-</subfield></datafield><datafield ind1=" " ind2=" " tag="300"><subfield code="a">no. ;</subfield><subfield code="c">49 cm.</subfield></datafield><datafield ind1=" " ind2=" " tag="310"><subfield code="a">Weekly</subfield></datafield><datafield ind1="0" ind2=" " tag="362"><subfield code="a">No. 1890 (Sept. 16, 1899)-</subfield></datafield><datafield ind1=" " ind2=" " tag="500"><subfield code="a">Published on Saturdays.</subfield></datafield><datafield ind1=" " ind2=" " tag="515"><subfield code="a">First issue of Saturday, Sept. 16, 1899 printed on masthead as Tuesday, Sept. l6, 1899.</subfield></datafield><datafield ind1=" " ind2=" " tag="500"><subfield code="a">Editors:  Bedell Brothers.</subfield></datafield><datafield ind1=" " ind2=" " tag="752"><subfield code="a">United States</subfield><subfield code="b">New York</subfield><subfield code="c">New York</subfield><subfield code="d">New York.</subfield></datafield><datafield ind1="0" ind2="4" tag="780"><subfield code="t">Dicksons' uptown weekly</subfield><subfield code="w">(DLC)sn 83030495</subfield></datafield><datafield ind1="0" ind2="4" tag="780"><subfield code="t">New-York advance and Bronx borough record</subfield><subfield code="w">(DLC)sn 83030617</subfield></datafield></record>